@misc {qs,
 title = {{QSopt-ex} {2.6} --- {A} computer algebra system for polynomial computations},
 author = { David Applegate, and William Cook, and Sanjeeb Dash, and Daniel Espinoza},
 year = {2009},
 url = {http://www.math.uwaterloo.ca/~bico/qsopt/ex/index.html},
}

@misc {qsjon,
 title = {{QSopt-ex} {2.5.10 patch 3} - A fork adding improvements to the build system, library and a Python interface},
 author = {Jon Lund Steffensen},
 year = {2015},
 url = {https://github.com/jonls/qsopt-ex},
}

@misc{Granlund12,
title = 	 {{GNU MP}: {T}he {GNU} {M}ultiple {P}recision {A}rithmetic {L}ibrary {6.0.0}},
  author = {Torb\"orn Granlund and the GMP development team},
  year = 	 {2015},
  url  = {http://gmplib.org/},
}

%% This BibTeX bibliography file was created using BibDesk.
%% http://bibdesk.sourceforge.net/


%% Created for Congduan Li at 2013-01-24 18:44:42 -0500


%% Saved with string encoding Unicode (UTF-8)

@article{Mayhew2008415,
title = "Matroids with nine elements",
journal = "Journal of Combinatorial Theory, Series B",
volume = "98",
number = "2",
pages = "415 - 431",
year = "2008",
note = "",
issn = "0095-8956",
doi = "10.1016/j.jctb.2007.07.005",
url = "http://www.sciencedirect.com/science/article/pii/S0095895607000871",
author = "Dillon Mayhew and Gordon F. Royle",
keywords = "Matroid",
keywords = "Combinatorial geometry",
keywords = "Extension",
keywords = "Orderly algorithm"
}

@MISC {huynhmo,
    TITLE = {Representability of polymatroids over ${GF}(2)$},
    AUTHOR = {{Tony Huynh}},
    HOWPUBLISHED = {MathOverflow},
    URL = {http://mathoverflow.net/q/37681}
}

@INPROCEEDINGS{cai_securenc,
author={Ning Cai and Yeung, R.W.},
booktitle={Information Theory, 2002. Proceedings. 2002 IEEE International Symposium on},
title={Secure network coding},
year={2002},
pages={323-},
month={},}

@article{Pendavingh_skewpartial,
title = "Skew partial fields, multilinear representations of matroids, and a matrix tree theorem ",
journal = "Advances in Applied Mathematics ",
volume = "50",
number = "1",
pages = "201 - 227",
year = "2013",
note = "Special issue in honor of Geoff Whittle on his 60th birthday ",
issn = "0196-8858",
doi = "http://dx.doi.org/10.1016/j.aam.2011.08.003",
url = "http://www.sciencedirect.com/science/article/pii/S0196885812000851",
author = "R.A. Pendavingh and S.H.M. van Zwam",
keywords = "Matroids",
keywords = "Representations",
keywords = "Skew partial fields",
keywords = "Multilinear representations",
keywords = "Matrix tree theorem "
}



@ARTICLE{chan_quasiuni13,
author={Chan, T.H. and Grant, A. and Britz, T.},
journal={Information Theory, IEEE Transactions on},
title={Quasi-Uniform Codes and Their Applications},
year={2013},
volume={59},
number={12},
pages={7915-7926},
ISSN={0018-9448},
month={Dec}}

@incollection{beimelsurvey11,
year={2011},
isbn={978-3-642-20900-0},
booktitle={Coding and Cryptology},
volume={6639},
series={Lecture Notes in Computer Science},
editor={Chee, YeowMeng and Guo, Zhenbo and Ling, San and Shao, Fengjing and Tang, Yuansheng and Wang, Huaxiong and Xing, Chaoping},
doi={10.1007/978-3-642-20901-7_2},
title={Secret-Sharing Schemes: A Survey},
publisher={Springer Berlin Heidelberg},
author={Beimel, Amos},
pages={11-46},
language={English}
}


@incollection{dijk_linearss95,
year={1995},
booktitle={Advances in Cryptology - EUROCRYPT 1994},
volume={950},
series={Lecture Notes in Computer Science},
editor={De Santis, Alfredo},
title={A linear construction of perfect secret sharing schemes},
publisher={Springer Berlin Heidelberg},
author={van Dijk, Marten},
pages={23-34},
language={English}
}


@incollection{rankineqss13,
year={2013},
isbn={978-3-642-40083-4},
booktitle={Advances in Cryptology – CRYPTO 2013},
volume={8043},
series={Lecture Notes in Computer Science},
editor={Canetti, Ran and Garay, JuanA.},
doi={10.1007/978-3-642-40084-1_16},
title={Secret Sharing, Rank Inequalities and Information Inequalities},
publisher={Springer Berlin Heidelberg},
keywords={Secret sharing; Information inequalities; Rank inequalities; Polymatroids},
author={Martín, Sebastià and Padró, Carles and Yang, An},
pages={277-288},
language={English}
}

@article{dijk_linearss97,
year={1997},
issn={0925-1022},
journal={Designs, Codes and Cryptography},
volume={12},
number={2},
doi={10.1023/A:1008259214236},
title={A Linear Construction of Secret Sharing Schemes},

publisher={Kluwer Academic Publishers},
keywords={cryptography; secret sharing; search algorithm; ideal linear schemes; matrix description},
author={van Dijk, Marten},
pages={161-201},
language={English}
}

@ARTICLE{codeeq_complexity,
author={Petrank, E. and Roth, R.M.},
journal={Information Theory, IEEE Transactions on},
title={Is code equivalence easy to decide?},
year={1997},
volume={43},
number={5},
pages={1602-1604},
keywords={computational complexity;graph theory;linear codes;polynomials;code equivalence;codeword coordinates;codewords;computational difficulty;equivalent linear codes;graph isomorphism problem;interactive proofs;matrices;permutation;polynomial-time algorithm;polynomial-time hierarchy;polynomial-time reduction;Algorithm design and analysis;Computer science;Galois fields;Laboratories;Linear code;Parity check codes;Public key cryptography},
doi={10.1109/18.623157},
ISSN={0018-9448},
month={Sep},}

@manual{sage-matroid,
Author = {Rudi Pendavingh and Stefan {Van Zwam} and others},
Date-Modified = {2013-07-18 23:23:01 +0000},
Key = {Sage},
Note = { http://www.sagemath.org},
Organization = {The Sage Matroid Development Team},
Title = {{S}age {M}atroid {Package}, included in {S}age {M}athematics {S}oftware 5.11},
Year = {2013}}

  @manual{GAP4,
    key          = "GAP",
    organization = "The GAP~Group",
    title        = "{GAP -- Groups, Algorithms, and Programming,
                    Version 4.7.8}",
    year         = 2015,
    }


@article{kingan_matroidgen,
title = {On matroid generation},
journal = {Congressus Numerantium},
pages = {95-110},
year = {2003},
publisher={Utilitas Mathematica},
author = {R.J. Kingan and S.R. Kingan and Wendy Myrvold},
}

@article{mckaynauty,
title = "Practical Graph Isomorphism, {II}",
journal = "Journal of Symbolic Computation",
volume = "60",
pages = "94 - 112",
year = "2013",
author = "B. D. McKay and A. Piperno",
}

@article{steinsage,
title = "SAGE: System for Algebra and Geometry Experimentation",
journal = "ACM SIGSAM Bulletin",
volume = "39",
pages = "61 - 64",
year = "2005",
author = "William Stein and David Joyner",
}

@article{kaibelcombisym,
year={2003},
issn={0911-0119},
journal={Graphs and Combinatorics},
volume={19},
number={2},
doi={10.1007/s00373-002-0503-y},
title={On the Complexity of Polytope Isomorphism Problems},
publisher={Springer-Verlag},
keywords={Key words. Polytope isomorphism, Equivalence of polytopes, Graph isomorphism complete, Graph isomorphism hard, Polytope congruence},
author={Kaibel, Volker and Schwartz, Alexander},
pages={215-230},
language={English}
}

@article{bodyhighsymmlpalgo,
author={B\"odi, Richard and Herr, Katrin and Joswig, Michael},
year={2013},
month={02},
title={Algorithms for highly symmetric linear and integer programs},
journal={Mathematical Programming},
volume={137},
number={1-2},
pages={65-90},
isbn={00255610},
language={English},

}
}

@article{ChenY14d,
  author    = {Qi Chen and
               Raymond W. Yeung},
  title     = {Partition-Symmetrical Entropy Functions},
  journal   = {CoRR},
  year      = {2014},
  volume    = {abs/1407.7405},

  timestamp = {Fri, 07 Nov 2014 02:21:45 +0100},
  biburl    = {http://dblp.uni-trier.de/rec/bib/journals/corr/ChenY14d},
  bibsource = {dblp computer science bibliography, http://dblp.org}
}

@article{bsrajan14,
  author    = {Vijayvaradharaj T. Muralidharan and B. S. Rajan},
  title     = {Linear Network Coding, Linear Index Coding and Representable Discrete Polymatroids},
  year      = {2014},
  url       = {http://arxiv.org/abs/1306.1157},
 }

@article{bsrajan13,
  author    = {Vijayvaradharaj T. Muralidharan, B. S. Rajan},
  title     = {On the Vector Linear Solvability of Networks and Discrete Polymatroids},
  year      = {2013},
  url       = {http://arxiv.org/abs/1301.3003},
 }

@article{herr09arxiv,
  author    = {R. B\"odi and K. Herr},
  title     = {Symmetries in Linear and Integer Programs},
  year      = {2009},
  url       = {http://arxiv.org/abs/1407.7405},
 }


@article{savitsky14,
  author    = {Thomas J. Savitsky},
  title     = {Enumeration of 2-Polymatroids on up to Seven Elements},
  year      = {2014},
  url       = {http://arxiv.org/abs/1401.8006},
 }

@article{KinserSubspace,
author = {Ryan Kinser},
title = {{New inequalities for subspace arrangements}},
journal = {Journal of Chemical Thermodynamics},
volume = {118},
year = {2011},
pages = {152--161},
issue = {1},
doi = {10.1016/j.jcta.2009.10.014},
masid = {27669152}
}


@mastersthesis{RehnSymmetries,
	Author = {T. Rehn},
	Date-Added = {2013-01-24 18:40:24 -0500},
	Date-Modified = {2013-01-24 18:44:42 -0500},
	Month = {November},
	School = {Universit{\"a}t Magdeburg},
	Title = {Polyhedral Description Conversion Up to Symmetries},
	Year = {2010}}

@INPROCEEDINGS{dfz_linrank6,
author={Dougherty, R.},
booktitle={Information Theory (ISIT), 2014 IEEE International Symposium on},
title={Computations of linear rank inequalities on six variables},
year={2014},
pages={2819-2823},
keywords={polynomial matrices;finite list;information inequalities;linear rank variables;polytope computation software;representable polymatroids;six-variable linear rank inequalities;Channel coding;Cramer-Rao bounds;Entropy;Linear programming;Random variables;Vectors},
doi={10.1109/ISIT.2014.6875348},
month={June},}

@INPROCEEDINGS{dfz6new,
author={Dougherty, R. and Freiling, C. and Zeger, K.},
booktitle={Information Theory, 2006 IEEE International Symposium on},
title={Six New Non-Shannon Information Inequalities},
year={2006},
pages={233-236},
keywords={information theory;Zhang-Yeung inequality;nonnegative linear combinations;random variables;unconstrained nonShannon information inequalities;Computer networks;Cramer-Rao bounds;Entropy;Information theory;Mathematics;Mutual information;Network coding;Random variables},
doi={10.1109/ISIT.2006.261840},
month={July},}

@unpublished{Csirmaz2013InforIneqfor4,
	Author = {L. Csirmaz},
	Date-Added = {2013-01-24 17:00:28 -0500},
	Date-Modified = {2013-01-24 17:19:24 -0500},
	Title = {Information Inequalities for Four Variables},
	note= {{Avaible Online: https://www.eprints.renyi.hu/65/1/benson.pdf}}
	Year = {2013}}
@article{HallConnected,
title = "Essential elements in connected k-polymatroids ",
journal = "Advances in Applied Mathematics ",
volume = "50",
number = "2",
pages = "281 - 291",
year = "2013",
note = "",
issn = "0196-8858",
doi = "http://dx.doi.org/10.1016/j.aam.2012.10.001",
url = "http://www.sciencedirect.com/science/article/pii/S0196885812001017",
author = "Dennis Hall",
keywords = "Matroids",
keywords = "Polymatroids",
keywords = "Generalized parallel connection",
keywords = "Truncation "
}
@INPROCEEDINGS{thakor_storage_symm,
author={Thakor, S. and Chan, T. and Shum, K.W.},
booktitle={Information Theory Proceedings (ISIT), 2013 IEEE International Symposium on},
title={Symmetry in distributed storage systems},
year={2013},
month={July},
pages={1242-1246},
keywords={concatenated codes;distributed databases;entropy codes;linear programming;set theory;admissible rate;concatenation coding scheme;exact repair distributed storage system;functional repair distributed storage systems;linear programming bound;max-flow outer bound;random variables;regenerating codes;symmetrical sets;Communication systems;Encoding;Entropy;Joints;Maintenance engineering;Random variables},
doi={10.1109/ISIT.2013.6620425},
ISSN={2157-8095},}
@book{grossbook,
  title={Graph Theory and Its Applications, Second Edition},
  author={Gross, J.L. and Yellen, J.},
  year={2006},
  publisher={CRC Press}
}

@book{judsonbook,
  title={Abstract Algebra: Theory and Applications},
  author={Judson, T. W.},
  year={2014},
  publisher={Orthogonal Publishing L3C}
}
@article{radorep,
author = {Rado, R.},
title = {Note on Independence Functions},
volume = {s3-7},
number = {1},
pages = {300-320},
year = {1957},
doi = {10.1112/plms/s3-7.1.300},
URL = {http://plms.oxfordjournals.org/content/s3-7/1/300.short},
eprint = {http://plms.oxfordjournals.org/content/s3-7/1/300.full.pdf+html},
journal = {Proceedings of the London Mathematical Society}
}
@book{schrijverbook,
  title={Combinatorial optimization: polyhedra and efficiency},
  author={Schrijver, Alexander},
  volume={24},
  year={2003},
  publisher={Springer}
}


@article{lihmsnc,
  author    = {Congduan Li and
               Steven Weber and
               John MacLaren Walsh},
  title     = {On Multi-source Networks: Enumeration, Rate Region Computation, and
               Hierarchy},
  journal   = {CoRR},
  volume    = {abs/1507.05728},
  year      = {2015},
  url       = {http://arxiv.org/abs/1507.05728},
  timestamp = {Sun, 02 Aug 2015 18:42:02 +0200},
  biburl    = {http://dblp.uni-trier.de/rec/bib/journals/corr/LiWW15},
  bibsource = {dblp computer science bibliography, http://dblp.org}
}

@ARTICLE{yanmultisourceTIT,
author={Yan, X. and Yeung, R.W. and Zhen Zhang},
journal={IEEE Trans. on Inform. Theory},
title={An Implicit Characterization of the Achievable Rate Region for Acyclic Multisource Multisink Network Coding},
year={2012},
volume={58},
number={9},
pages={5625-5639},
ISSN={0018-9448},}

@unpublished{EntVecSoft,
	Author = {{J. Walsh, S. Weber, C. Li}},
	Note = {{available at {{http://www.ece.drexel.edu/walsh/aspitrg/software.html}}}},
	Title = {{Software for computing entropy vector region bounds}}}

@article{Fujishige_IC_78,
	Author = {S. Fujishige},
	Journal = {Information and Control},
	Pages = {55--72},
	Title = {Polymatroidal dependence structure of a set of random variables},
	Volume = {39},
	Year = {1978}}

@article{oxley_vz_example,
author = {James Oxley and Charles Semple and Geoff Whittle},
title = {A Wheels-and-Whirls Theorem for \$3\$-Connected \$2\$-Polymatroids},
journal = {SIAM Journal on Discrete Mathematics},
volume = {30},
number = {1},
pages = {493-524},
year = {2016},
doi = {10.1137/140996549},

URL = {
        http://dx.doi.org/10.1137/140996549

},
eprint = {
        http://dx.doi.org/10.1137/140996549

}

}

@article{Shamir1979ShareSecret,
	Author = {A. Shamir},
	Date-Added = {2012-07-07 22:24:31 -0400},
	Date-Modified = {2012-07-07 22:26:13 -0400},
	Journal = {Commu. Assoc. Comput.},
	Pages = {612-613},
	Title = {How to Share a Secret},
	Volume = {22},
	Year = {1979}}

@inproceedings{Matus_ISIT_2007,
	Author = {{F. Mat\'{u}\v{s}}},
	Booktitle = {{IEEE International Symposium on Information Theory (ISIT)}},
	Month = jun,
	Pages = {41-44},
	Title = {{Infinitely Many Information Inequalities}},
	Year = {2007}}

@inproceedings{Xu_ISIT_08,
	Author = {{W. Xu, J. Wang, J. Sun}},
	Booktitle = {{IEEE International Symposium on Information Theory (ISIT)}},
	Pages = {2116 -- 2120},
	Title = {{A projection method for derivation of non-Shannon-type information inequalities}},
	Year = {2008}}

@ARTICLE{walsh_binent,
author={Walsh, J.M. and Weber, S.},
journal={Information Theory, IEEE Transactions on},
title={A Recursive Construction of the Set of Binary Entropy Vectors and Related Algorithmic Inner Bounds for the Entropy Region},
year={2011},
volume={57},
number={10},
pages={6356-6363},
keywords={entropy;vectors;algorithmic inner bound;binary entropy vector set;entropic vector region;outer bound;recursive construction;Channel coding;Cramer-Rao bounds;Entropy;Joints;Random variables;Vectors;Binary entropic vectors;information inequalities;network coding capacity region},
doi={10.1109/TIT.2011.2165817},
ISSN={0018-9448},
month={Oct},}

@article{blundo_graphss95,
year={1995},
issn={0933-2790},
journal={Journal of Cryptology},
volume={8},
number={1},
doi={10.1007/BF00204801},
title={Graph decompositions and secret sharing schemes},
publisher={Springer-Verlag},
keywords={Secret sharing scheme; Graph access structure; Linear programming},
author={Blundo, C. and De Santis, A. and Stinson, D.R. and Vaccaro, U.},
pages={39-64},
language={English}
}

@article{vandijk_graph06,
 author = {van Dijk, Marten and Kevenaar, Tom and Schrijen, Geert-Jan and Tuyls, Pim},
 title = {Improved Constructions of Secret Sharing Schemes by Applying ($\lambda$, $\omega$)-decompositions},
 journal = {Inf. Process. Lett.},
 issue_date = {31 August 2006},
 volume = {99},
 number = {4},
 month = aug,
 year = {2006},
 issn = {0020-0190},
 pages = {154--157},
 numpages = {4},
 doi = {10.1016/j.ipl.2006.01.016},
 acmid = {1161713},
 publisher = {Elsevier North-Holland, Inc.},
 address = {Amsterdam, The Netherlands, The Netherlands},
 keywords = {cryptography, information rate, secret sharing},
}

@article{stinson_graphdecomp94,
  author    = {Douglas R. Stinson},
  title     = {Decomposition constructions for secret-sharing schemes},
  journal   = {{IEEE} Transactions on Information Theory},
  volume    = {40},
  number    = {1},
  pages     = {118--125},
  year      = {1994},

  doi       = {10.1109/18.272461},
  timestamp = {Mon, 31 Oct 2011 17:05:12 +0100},
  biburl    = {http://dblp.uni-trier.de/rec/bib/journals/tit/Stinson94},
  bibsource = {dblp computer science bibliography, http://dblp.org}
}

@incollection{Bertilsson92,
year={1993},
isbn={978-3-540-57220-6},
booktitle={Advances in Cryptology - AUSCRYPT 1992},
volume={718},
series={Lecture Notes in Computer Science},
editor={Seberry, Jennifer and Zheng, Yuliang},
doi={10.1007/3-540-57220-1_53},
title={A construction of practical secret sharing schemes using linear block codes},
publisher={Springer Berlin Heidelberg},
author={Bertilsson, Michael and Ingemarsson, Ingemar},
pages={67-79},
language={English}
}


@article{vandijk_graph98,
year={1998},
issn={0925-1022},
journal={Designs, Codes and Cryptography},
volume={15},
number={3},
doi={10.1023/A:1008381427667},
title={A General Decomposition Construction for Incomplete Secret Sharing Schemes},
publisher={Kluwer Academic Publishers},
keywords={secret sharing; information theory; cryptology},
author={Dijk, Martenvan and Jackson, Wen-Ai and Martin, Keith M.},
pages={301-321},
language={English}
}


@inproceedings{DouFre2006b,
	Author = {R. Dougherty and C. Freiling and K. Zeger},
	Booktitle = {{IEEE} International Symposium on Information Theory ({ISIT})},
	Month = {July},
	Pages = {233--236},
	Title = {Six new non-{S}hannon information inequalities},
	Year = {2006}}

@article{Zhang_TIT_07_98,
	Author = {{Z. Zhang and R W. Yeung}},
	Journal = {{IEEE Transactions on Information Theory}},
	Month = jul,
	Number = 4,
	Page = {1440--1452},
	Title = {{On Characterization of Entropy Function via Information Inequalities}},
	Volume = 44,
	Year = {1998}}

@article{wildenum,
	Author = {Marcel Wild},
	Journal = {Preprint Nr. 1693, Tech. Hochschule Darmstadt},
	Title = {Enumeration of binary and ternary matroids and other applications of the Brylawski-Lucas Theorem},
	Year = {1994}}

@article{CISS2012Paper,
	Author = {S. Weber and C. Li and J. M. Walsh},
	Date-Added = {2012-07-07 21:35:47 -0400},
	Date-Modified = {2012-07-08 01:44:28 -0400},
	Journal = {46th Annual Conference on Information Sciences and Systems},
	Month = {March},
	Title = {Rate Region for A Class of Delay Mitigating Codes and P2P Networks},
	Year = {2012}}

@misc{jayantchm,
  Author = {Jayant Apte},
  Lastchecked = {Jan 23, 2015},
  Title = {\textsf{chm}-{A}n {I}mplementation of {C}onvex {H}ull {M}ethod},
  note = {http://www.ece.drexel.edu/walsh/aspitrg/software.html},
  Year = {2014}
}


@misc{avislrs,
  author = {Avis, David},
  note = {http://cgm.cs.mcgill.ca/~avis/C/lrs.html},
  title = {{\textsf lrs}: A revised implementation of the Reverse Search Vertex Enumeration},
  year = 1999
}

@misc{fukudacdd,
  author = {Fukuda, Komei},
  note = {https://www.inf.ethz.ch/personal/fukudak/cdd\textunderscore home/index.html},
  title = {{\textsf cdd+}: C++ implementation of the Double Description Method of Motzkin et al.},
  year = 2003
}

@misc{betten_orbitter,
  Author = {Anton Betten},

  Title = {\tsf{Orbiter} -- A Program To Classify Discrete Objects},
  note = { http://www.math.colostate.edu/~betten/orbiter/orbiter.html},
  Year = {2013}
}

@misc{jayant_orbitermod,
  Author = {{Jayant Apte}},

  Title = {\tsf{orbiter-mod} -- A fork of {A}nton {B}etten's \tsf{Orbiter} package},
  note = {https://github.com/jayant91089/orbiter-mod },
  Year = {2015}
}

@misc{jayantqsint,
  Author = {{Jayant Apte}},
  Lastchecked = { 2015},
  Title = {qsopt$\_$ex-interface - An Interface to QSopt exact LP solver -A GAP4 Package},
  note = {http://www.ece.drexel.edu/walsh/aspitrg/software.html},
  Year = {2015}
}

@misc{itip,
  Author = {{Ying-On Yan} and {Raymond Yeung}},
  Lastchecked = { 2015},
  Title = {ITIP-Information Theoretic Inequality Prover},
  note = {http://user-www.ie.cuhk.edu.hk/~ITIP/},
  Year = {2008}
}

@misc{xitip,
  Author = {{R. Pulikkoonattu} and {E. Perron} and {S. Diggavi}},
  Lastchecked = { 2015},
  Title = {X-Information Theoretic Inequality Prover(Xitip)},
  note = {http://xitip.epfl.ch/},
  Year = {2008}
}



@misc{jayantsage,
  Author = {{Jayant Apte}},
  Lastchecked = {Nov 26, 2015},
  Title = {Implementation of a scalar linear achievability prover},
  note = {http://trac.sagemath.org/ticket/16546},
  Year = {2015}
}

@misc{jayantmatroidext,
  Author = {Jayant Apte},
  Title = {A matroid linear extension based generator of linear network codes},
  note={https://sites.google.com/site/jayantapteshomepage/},
  Year = {2015}
}

@misc{jayantleiter,
  Author = {John MacLaren Walsh and Jayant Apte},
  Title = {A Leiterspiel based generator of linear network codes},
  note={https://sites.google.com/site/jayantapteshomepage/},
  Year = {2015}
}

@article{CISS2014jayant,
	Author = {J. Apte and C. Li, J.M. Walsh, S. Weber},
	Journal = {48th Annual Conference on Information Sciences and Systems},
	Month = {March},
	Title = {Exact Pepair Problems with Multiple Sources},
	Year = {2014}}

@ARTICLE{zyineq97,
author={Zhen Zhang and Yeung, R.W.},
journal={Information Theory, IEEE Transactions on},
title={A non-Shannon-type conditional  of information quantities},
year={1997},
volume={43},
number={6},
pages={1982-1986},
keywords={entropy;functional analysis;random processes;Shannon information measures;conditional joint entropies;conditional mutual information;discrete random variables;entropy function;entropy functions;information inequalities;information quantities;information-theoretic problem;nonShannon-type conditional inequality;nondecreasing function;nonnegative function;two-alternative function;vector;Cramer-Rao bounds;Entropy;Mutual information;Random variables},
doi={10.1109/18.641561},
ISSN={0018-9448},
month={Nov},}

@article{YeungZhang99SourceCoding,
	Author = {R. W. Yeung and Z. Zhang},
	Date-Added = {2012-07-07 21:32:37 -0400},
	Date-Modified = {2012-07-08 01:48:09 -0400},
	Journal = {IEEE Trans. on Information Theory},
	Number = {4},
	Pages = {1111-1120},
	Title = {Distributed Source Coding for Satellite Communications},
	Volume = {45},
	Year = {1999}}

@article{Kinser2011NewIneqSubspaceArra,
	Author = {R. Kinser},
	Date-Added = {2012-07-07 21:25:23 -0400},
	Date-Modified = {2012-07-07 21:29:01 -0400},
	Journal = {Journal of Combinatorial Theory Series A},
	Month = {January},
	Number = {1},
	Pages = {152-161},
	Title = {New Inequalities for Subspace Arrangements},
	Volume = {118},
	Year = {2011}}

@article{Hammer2000ShannEntr,
	Author = {D. Hammer and A. Romashchenko and A. Shen, N. Vereshchagin},
	Date-Added = {2012-07-07 21:19:50 -0400},
	Date-Modified = {2012-07-08 01:45:47 -0400},
	Journal = {Journal of Computer and System Science},
	Month = {April},
	Number = {2},
	Pages = {442-464},
	Title = {Inequalities for Shannon Entropy and Kolmogorov Complexity},
	Volume = {60},
	Year = {2000}}

@conference{Hassibi2010ITAtalk,
	Author = {B. Hassibi and S. Shadbakht and M. Thill},
	Booktitle = {Presentation on Information Theory and Application (ITA)},
	Date-Added = {2012-07-07 18:59:12 -0400},
	Date-Modified = {2012-07-08 01:44:49 -0400},
	Month = {February},
	Title = {On Optimal Design of Network Codes},
	Year = {2010}}

@conference{WalshWeber2010Allerton,
	Author = {J. M. Walsh and S. Weber},
	Booktitle = {2010 Allerton Conference on Communication, Control, and Computing},
	Date-Added = {2012-07-07 18:53:38 -0400},
	Date-Modified = {2012-07-08 01:43:54 -0400},
	Month = {September},
	Title = {Relationships Among Bounds for the Region of Entropic Vectors in Four Variables},
	Year = {2010}}

@article{DFZ2009Ineqfor5var,
	Author = {R. Dougherty and C. Freiling and K. Zeger},
	Date-Added = {2012-07-07 18:44:59 -0400},
	Date-Modified = {2012-07-08 01:45:25 -0400},
	Journal = {arXiv cs.IT/0910.0284v3},
	Title = {Linear Rank Inequalities on Five or More Variables},
	Year = {2009}}

@incollection {rotacon,
    AUTHOR = {Rota, Gian-Carlo},
     TITLE = {Combinatorial theory, old and new},
 BOOKTITLE = {Actes du {C}ongr\`es {I}nternational des {M}ath\'ematiciens
              ({N}ice, 1970), {T}ome 3},
     PAGES = {229--233},
 PUBLISHER = {Gauthier-Villars},
   ADDRESS = {Paris},
      YEAR = {1971},
   MRCLASS = {05B25},
  MRNUMBER = {0505646 (58 \#21703)},
}

@article{mckayisofree,
 author = {McKay, Brendan D.},
 title = {Isomorph-free Exhaustive Generation},
 journal = {J. Algorithms},
 issue_date = {feb. 1998},
 volume = {26},
 number = {2},
 month = feb,
 year = {1998},
 issn = {0196-6774},
 pages = {306--324},
 numpages = {19},
 url = {http://dx.doi.org/10.1006/jagm.1997.0898},
 doi = {10.1006/jagm.1997.0898},
 acmid = {287465},
 publisher = {Academic Press, Inc.},
 address = {Duluth, MN, USA},
}

@INPROCEEDINGS{dfz_chardep14,
author={Dougherty, R. and Freiling, E. and Zeger, K.},
booktitle={Information Theory (ISIT), 2014 IEEE International Symposium on},
title={Characteristic-dependent linear rank inequalities and network coding applications},
year={2014},
pages={101-105},
keywords={information theory;network coding;capacity upper bounds;characteristic-dependent linear rank inequalities;finite fields;network coding applications;Channel coding;Cramer-Rao bounds;Network coding;Upper bound;Vectors},
doi={10.1109/ISIT.2014.6874803},
month={June},}

@article{Ingleton1971,
	Author = {A. W. Ingleton},
	Date-Added = {2012-07-07 18:40:30 -0400},
	Date-Modified = {2012-07-07 18:41:46 -0400},
	Journal = {Combin. Math. Appl.},
	Pages = {149-167},
	Title = {Representation of Matroids},
	Year = {1971}}

@article{rotaproof,
	Author = {Jim Geelen and Bert Gerards and Geoff Whittle},
	Journal = {Notices of the AMS},
	Pages = {736-743},
	Title = {Solving Rota\'s Conjecture},
	 volume = {61},
 	number = {7},
	Year = {2014}}

@book{OxleyMatroidBook,
	Author = {J. G. Oxley},
	Date-Added = {2012-07-07 18:36:26 -0400},
	Date-Modified = {2012-07-07 18:39:08 -0400},
	Publisher = {Oxford University},
	Title = {Matroid Theory},
	Year = {2011}}

@book{padronotes,
	Author = {C. Padr\'o},
	Publisher = {Central European University, 2013},
	Title = {Lecture Notes in Secret Sharing},
	note={Available: http://www-ma4.upc.edu/~cpadro/arc02v03.pdf},
	Year = {2013}}

@INPROCEEDINGS{Apteisit14,
author={Apte, J. and Congduan Li and Walsh, J.M.},
booktitle={IEEE Int. Symp. Information Theory (ISIT)},
title={Algorithms for computing network coding rate regions via single element extensions of matroids},
year={2014},
month={June},
pages={2306-2310},
keywords={combinatorial mathematics;linear codes;matrix algebra;network coding;vectors;SEE;extreme rays;finite fields;linear network codes;matroid representability;network coding rate regions;network-constrained matroid enumeration;nonisomorphic matroids;single element extensions;vector linear codes;Algorithm design and analysis;Educational institutions;Encoding;Network coding;Random variables;Vectors;Single emement extensions;rate regions of multi-source network coding problems;region of entropic vectors},
doi={10.1109/ISIT.2014.6875245},}


@ARTICLE{dfz_lininsuff05,
author={Dougherty, R. and Freiling, C. and Zeger, K.},
journal={Information Theory, IEEE Transactions on},
title={Insufficiency of linear coding in network information flow},
year={2005},
volume={51},
number={8},
pages={2745-2759},
month={Aug},}

@article{ashikhmin_aaffine98,
year={1998},
issn={0925-1022},
journal={Designs, Codes and Cryptography},
volume={14},
number={2},
doi={10.1023/A:1008244215660},
title={Almost Affine Codes},
publisher={Kluwer Academic Publishers},
keywords={linear code; secret sharing scheme; Delsarte inequalities; finite geometry},
author={Simonis, Juriaan and Ashikhmin, Alexei},
pages={179-197},
language={English}
}


@book{YeungBook,
	Author = {R. W. Yeung},
	Date-Added = {2012-07-07 18:33:24 -0400},
	Date-Modified = {2012-07-07 18:36:15 -0400},
	Publisher = {Springer},
	Title = {Information Theory and Network Coding},
	Year = {2008}}

@mastersthesis{HauThesis1995,
	Author = {K. P. Hau},
	Date-Added = {2012-07-07 18:31:51 -0400},
	Date-Modified = {2012-07-07 18:33:16 -0400},
	Month = {June},
	School = {The Chinese University of Hong Kong},
	Title = {Multilevel Diversity Coding with Independent Data Streams},
	Year = {1995}}

@article{Yeung1995MDC,
	Author = {R. W. Yeung},
	Date-Added = {2012-07-07 18:29:36 -0400},
	Date-Modified = {2012-07-07 18:31:38 -0400},
	Journal = {IEEE Trans. Information Theory},
	Pages = {412-422},
	Title = {Multilevel Diversity Coding with Distortion},
	Volume = {41},
	Year = {1995}}

@phdthesis{RocheThesis,
	Author = {J. R. Roche},
	Date-Added = {2012-07-07 18:27:05 -0400},
	Date-Modified = {2012-07-07 18:28:36 -0400},
	Month = {March},
	School = {Standford University},
	Title = {Distributed Information Storage},
	Year = {1992}}

 @article{blackburnenum,
     title = {A Catalogue of Combinatorial Geometries},
     author = {Blackburn, John E. and Crapo, Henry H. and Higgs, Denis A.},
     journal = {Mathematics of Computation},
     volume = {27},
     number = {121},
     pages = {pp. 155-166},
     language = {English},
     year = {1973},
     publisher = {American Mathematical Society},
    }

@inproceedings{avis2000revised,
	Author = {Avis, D.},
	Booktitle = {Polytopes---Combinatorics and Computation},
	Organization = {Springer},
	Pages = {177--198},
	Title = {A revised implementation of the reverse search vertex enumeration algorithm},
	Year = {2000}}

@article{avis1998computational,
	Author = {Avis, D.},
	Journal = {Optimization Methods and Software},
	Number = {2},
	Pages = {107--124},
	Publisher = {Taylor \& Francis},
	Title = {Computational experience with the reverse search vertex enumeration algorithm},
	Volume = {10},
	Year = {1998}}

@inbook{junttilabliss,
author = {Tommi Junttila and Petteri Kaski},
title = {Engineering an Efficient Canonical Labeling Tool for Large and Sparse Graphs, Proceedings of the Ninth Workshop on Algorithm Engineering and Experiments (ALENEX)},
chapter = {12},
pages = {135-149},
year={2007}
}

@ONLINE{millernice,
author = {Miller, Robert},
title = {{N.I.C.E.} - {N}ice (as in open source) {I}somorphism {C}heck {E}ngine},
note={http://sage.math.washington.edu/tmp/sage-2.8.12.alpha0/doc/ref/ref.html}
}

@ONLINE{oeis_allmatroids,
author ={{Eric W. Weisstein}},
title = {{Sequence A055545, Number of matroids on n points. The On-Line Encyclopedia of Integer Sequences}},
note={{h}ttp://oeis.org/A055545}
}

@ONLINE{oeis_allbin,
author = {{Marcel Wild}},
title = {{Sequence A076766, Number of nonisomorphic binary matroids on an n-set., The On-Line Encyclopedia of Integer Sequences}},
note={{h}ttp://oeis.org/A076766}
}

@ONLINE{oeis_alltern,
author = {{Marcel Wild}},
title = {{Sequence A076892, Number of nonisomorphic ternary matroids on an n-set., The On-Line Encyclopedia of Integer Sequences}},
note={{h}ttp://oeis.org/A076892}
}

@ONLINE{oeis_binsimple,
author = {{N. J. A. Sloane}},
title = {{Sequence A076834, Number of nonisomorphic binary matroids on an n-set., The On-Line Encyclopedia of Integer Sequences}},
note={{h}ttp://oeis.org/A076834}
}

@ONLINE{oeis_allpoly,
author = {{Max Alekseyev}},
title = {{Sequence A256157, Number of 2-polymatroids on n unlabeled points.., The On-Line Encyclopedia of Integer Sequences}},
note={{h}ttp://oeis.org/A256157}
}

@BOOK{sympol,
AUTHOR = {{Rehn, T.,  Sch\"urmann A.}},
TITLE = {SymPol Manual
},
EDITION = {0.1},
URL= {http://www.usenix.org/events/osdi04/tech/dean.html}
}
@inproceedings{dargasaucy,
 author = {Darga, Paul T. and Sakallah, Karem A. and Markov, Igor L.},
 title = {Faster Symmetry Discovery Using Sparsity of Symmetries},
 booktitle = {Proceedings of the 45th Annual Design Automation Conference},
 series = {DAC '08},
 year = {2008},
 isbn = {978-1-60558-115-6},
 location = {Anaheim, California},
 pages = {149--154},
 numpages = {6},
 url = {http://doi.acm.org/10.1145/1391469.1391509},
 doi = {10.1145/1391469.1391509},
 acmid = {1391509},
 publisher = {ACM},
 address = {New York, NY, USA},
 keywords = {Boolean satisfiability, constraint satisfaction problems, graph automorphism, model checking, partition refinement, sparsity, symmetry},
}
@inproceedings{david2000living,
	Author = {David, A.},
	Booktitle = {Discrete and Computational Geometry: Japanese Conference, JCDCG'98 Tokyo, Japan, December 9-12, 1998 Revised Papers},
	Organization = {Springer},
	Pages = {47},
	Title = {Living with lrs},
	Volume = {1763},
	Year = {2000}}

@misc{RotaProofClaim,
title={{Rota's Conjecture: Researcher solves 40-year-old math problem}},
note={{phys.org article posted Aug 15, 2013}},
url={{http://phys.org/news/2013-08-rota-conjecture-year-old-math-problem.html#jCp}}
};

@article{fukuda1996double,
	Author = {Fukuda, K. and Prodon, A.},
	Journal = {Combinatorics and computer science},
	Pages = {91--111},
	Publisher = {Springer},
	Title = {Double description method revisited},
	Year = {1996}}

@article{bremner1998primal,
	Author = {Bremner, D. and Fukuda, K. and Marzetta, A.},
	Journal = {Discrete \& Computational Geometry},
	Number = {3},
	Pages = {333--357},
	Publisher = {Springer},
	Title = {Primal---Dual Methods for Vertex and Facet Enumeration},
	Volume = {20},
	Year = {1998}}

@article{avis1997good,
	Author = {Avis, D. and Bremner, D. and Seidel, R.},
	Journal = {Computational Geometry},
	Number = {5},
	Pages = {265--301},
	Publisher = {Elsevier},
	Title = {How good are convex hull algorithms?},
	Volume = {7},
	Year = {1997}}

@article{craposee,
author = {Crapo, Henry H.},
title = {Single-element extensions of matroids},
journal = {{J. Res. Natl. Bur. Standards, Sec. B: Math. \& Math. Phys.}},
number={ 1-2},
pages={55--65},
Publisher = {National Bureau of Standards},
year = 1965,
volume = {69B},
page="55"
}
@article{avis2000estimating,
	Author = {Avis, D. and Devroye, L.},
	Journal = {Information processing letters},
	Number = {3},
	Pages = {137--143},
	Publisher = {Elsevier},
	Title = {Estimating the number of vertices of a polyhedron},
	Volume = {73},
	Year = {2000}}

@article{avis1992pivoting,
	Author = {Avis, D. and Fukuda, K.},
	Journal = {Discrete \& Computational Geometry},
	Number = {1},
	Pages = {295--313},
	Publisher = {Springer},
	Title = {A pivoting algorithm for convex hulls and vertex enumeration of arrangements and polyhedra},
	Volume = {8},
	Year = {1992}}

@article{balas1998projection,
	Author = {Balas, E.},
	Journal = {Computational Optimization and Applications},
	Number = {2},
	Pages = {189--193},
	Publisher = {Springer},
	Title = {Projection with a minimal system of inequalities},
	Volume = {10},
	Year = {1998}}

@article{avis1996large,
	Author = {Avis, D. and Bremner, D.},
	Journal = {Zeitschrift f{\"u}r angewandte Mathematik und Mechanik},
	Pages = {179--182},
	Publisher = {Wiley-VCH},
	Title = {Large convex hull problems},
	Volume = {76},
	Year = {1996}}

@book{ziegler1995lectures,
	Author = {Ziegler, G.M.},
	Isbn = {9783540943297},
	Lccn = {94021784},
	Publisher = {Springer-Verlag},
	Title = {Lectures on Polytopes},
	Url = {http://books.google.com/books?id=9We8QgAACAAJ},
	Year = {1995},
	Bdsk-Url-1 = {http://books.google.com/books?id=9We8QgAACAAJ}}

@misc{fukuda2000frequently,
	Author = {Fukuda, K.},
	note = {{ftp://ftp.ifor.math.ethz.ch/pub/fukuda/reports/polyfaq040618.pdf}},
	Title = {Frequently asked questions in polyhedral computation},
	Year = {2004}}

@article{motzkin1953double,
	Author = {Motzkin, T.S. and Raiffa, H. and Thompson, GL and Thrall, R.M.},
	Publisher = {Princeton University Press},
	Title = {The double description method},
	Year = {1953}}

@article{barber1996quickhull,
	Author = {Barber, C.B. and Dobkin, D.P. and Huhdanpaa, H.},
	Journal = {ACM Transactions on Mathematical Software (TOMS)},
	Number = {4},
	Pages = {469--483},
	Publisher = {ACM},
	Title = {The quickhull algorithm for convex hulls},
	Volume = {22},
	Year = {1996}}

@inproceedings{karmarkar1984new,
	Author = {Karmarkar, N.},
	Booktitle = {Proceedings of the sixteenth annual ACM symposium on Theory of computing},
	Organization = {ACM},
	Pages = {302--311},
	Title = {A new polynomial-time algorithm for linear programming},
	Year = {1984}}

@article{dantzig1954product,
	Author = {Dantzig, G.B. and Orchard-Hays, W.},
	Journal = {Mathematical Tables and Other Aids to Computation},
	Pages = {64--67},
	Publisher = {JSTOR},
	Title = {The product form for the inverse in the simplex method},
	Year = {1954}}

@article{knuth1981art,
	Author = {Knuth, D.E.},
	Journal = {Reading, MA: Addison\_Wesley,},
	Title = {The Art of Programming: Seminumerical Algorithms, vol. 2},
	Year = {1981}}


@article {tuttebinrep,
    AUTHOR = {Tutte, W. T.},
     TITLE = {A homotopy theorem for matroids. {I}, {II}},
   JOURNAL = {Trans. Amer. Math. Soc.},
  FJOURNAL = {Transactions of the American Mathematical Society},
    VOLUME = {88},
      YEAR = {1958},
     PAGES = {144--174},
      ISSN = {0002-9947},
}

@article{HuynhLL92,
	Author = {Tien Huynh and Catherine Lassez and Jean-Louis Lassez},
	Citedby = {0},
	Cites = {0},
	Journal = {Annals of Mathematics and Artificial Intelligence},
	Number = {4},
	Pages = {295-315},
	Researchr = {http://researchr.org/publication/HuynhLL92},
	Title = {Practical Issues on the Projection of Polyhedral Sets},
	Volume = {6},
	Year = {1992}}



@inproceedings{Terzer:2009:PER:1893586.1893624,
	Acmid = {1893624},
	Address = {Berlin, Heidelberg},
	Author = {Terzer, Marco and Stelling, J\"{o}rg},
	Booktitle = {Proceedings of the 8th international conference on Parallel processing and applied mathematics: Part II},
	Isbn = {3-642-14402-0, 978-3-642-14402-8},
	Keywords = {born/die algorithm, double description method, elementary modes, extreme ray enumeration, metabolic pathway analysis},
	Location = {Wroclaw, Poland},
	Numpages = {10},
	Pages = {300--309},
	Publisher = {Springer-Verlag},
	Series = {PPAM'09},
	Title = {Parallel extreme ray and pathway computation},
	Url = {http://dl.acm.org/citation.cfm?id=1893586.1893624},
	Year = {2010},
	Bdsk-Url-1 = {http://dl.acm.org/citation.cfm?id=1893586.1893624}}

@article{Dantzig:1965:UPF:321296.321311,
	Acmid = {321311},
	Address = {New York, NY, USA},
	Author = {Dantzig, G. B. and Harvey, R. P. and McKnight, R. D.},
	Doi = {10.1145/321296.321311},
	Issn = {0004-5411},
	Issue_Date = {Oct. 1965},
	Journal = {J. ACM},
	Month = oct,
	Number = {4},
	Pages = {603--},
	Publisher = {ACM},
	Title = {Updating the Product Form of the Inverse for the Revised Simplex Method},
	Url = {http://doi.acm.org/10.1145/321296.321311},
	Volume = {12},
	Year = {1965},
	Bdsk-Url-1 = {http://doi.acm.org/10.1145/321296.321311},
	Bdsk-Url-2 = {http://dx.doi.org/10.1145/321296.321311}}

@article{kaluzny2002polyhedral,
	Author = {Kaluzny, B.L.},
	Publisher = {Citeseer},
	Title = {Polyhedral computation: a survey of projection methods},
	Year = {2002}}

@article{DBLP:journals/corr/abs-0804-4774,
	Author = {Weidong Xu and Jia Wang and Jun Sun},
	Bibsource = {DBLP, http://dblp.uni-trier.de},
	Ee = {http://arxiv.org/abs/0804.4774},
	Journal = {CoRR},
	Title = {A Projection Method for Derivation of Non-Shannon-Type Information Inequalities},
	Volume = {abs/0804.4774},
	Year = {2008}}

@article{matsumotomatenum,
 author = {Matsumoto, Yoshitake and Moriyama, Sonoko and Imai, Hiroshi and Bremner, David},
 title = {Matroid Enumeration for Incidence Geometry},
 journal = {Discrete Comput. Geom.},
 issue_date = {January 2012},
 volume = {47},
 number = {1},
 month = jan,
 year = {2012},
 issn = {0179-5376},
 pages = {17--43},
 numpages = {27},
 doi = {10.1007/s00454-011-9388-y},
 acmid = {2142053},
 publisher = {Springer-Verlag New York, Inc.},
 address = {Secaucus, NJ, USA},
 keywords = {Matroids, Oriented matroids},
}

@book{rockefellarconvex,
	Author = {Rockefellar, RT},
	Publisher = {Princeton Univ. Press},
	Title = {Convex Analysis. },
	Year={1970}}

@misc{Kaluzny02polyhedralcomputation:,
	Author = {Bohdan L. Kaluzny},
	Title = {Polyhedral Computation: A Survey of Projection Methods},
	Year = {2002}}

@inproceedings{Bremner:1997:PMV:262839.262861,
	Acmid = {262861},
	Address = {New York, NY, USA},
	Author = {Bremner, David and Fukuda, Komei and Marzetta, Ambros},
	Booktitle = {Proceedings of the thirteenth annual symposium on Computational geometry},
	Doi = {10.1145/262839.262861},
	Isbn = {0-89791-878-9},
	Location = {Nice, France},
	Numpages = {8},
	Pages = {49--56},
	Publisher = {ACM},
	Series = {SCG '97},
	Title = {Primal-dual methods for vertex and facet enumeration (preliminary version)},
	Url = {http://doi.acm.org/10.1145/262839.262861},
	Year = {1997},
	Bdsk-Url-1 = {http://doi.acm.org/10.1145/262839.262861},
	Bdsk-Url-2 = {http://dx.doi.org/10.1145/262839.262861}}

@misc{Bremner09polyhedralrepresentation,
	Author = {David Bremner and Mathieu Dutour Sikiri{\'c} and Achill Sch{\"u}rmann},
	Title = {Polyhedral representation conversion up to symmetries},
	Booktitle = {CRM Proceedings & Lecture Notes},
	Publisher = { American Mathematical Society},
	Pages = {45--72},
	Editor = {David Avis, David Bremner, and Antoine Deza},
	Year = {2009}}

@inproceedings{4724254,
	Author = {Widger, J. and Grosu, D.},
	Booktitle = {Parallel and Distributed Computing, 2008. ISPDC '08. International Symposium on},
	Doi = {10.1109/ISPDC.2008.38},
	Keywords = {Nash equilibria;bimatrix games;cluster computing system;parallel algorithm;parallel computing;parallel support enumeration;single-processor computers;game theory;parallel algorithms;},
	Month = {july},
	Pages = {250 -256},
	Title = {Computing Equilibria in Bimatrix Games by Parallel Support Enumeration},
	Year = {2008},
	Bdsk-Url-1 = {http://dx.doi.org/10.1109/ISPDC.2008.38}}

@inproceedings{lassezchm,
	Author = {C. Lassez and J-L. Lassez},
	Booktitle = {Symbolic and Numerical Computation for Artificial Intelligence},
	Date-Modified = {2013-01-24 17:20:57 -0500},
	Editor = {Donald and Kapur and Mundy},
	Publisher = {Academic Press},
	Title = {Quantifier Elimination for Conjunctions of Linear Constraints via a Convex Hull Algorithm},
	Year = {1993}}

@article{DBLP:journals/corr/abs-1104-3602,
	Author = {R. Dougherty and C. Freiling and K. Zeger},
	Bibsource = {DBLP, http://dblp.uni-trier.de},
	Date-Modified = {2013-01-24 17:22:19 -0500},
	Ee = {http://arxiv.org/abs/1104.3602},
	Journal = {CoRR},
	Title = {Non-Shannon Information Inequalities in Four Random Variables},
	Volume = {abs/1104.3602},
	Year = {2011}}

@inproceedings{CongduanAllerton2012,
	Author = {Congduan Li and J. M. Walsh and S. Weber},
	Booktitle = {50th Annual Allerton Conference on Communication, Control and Computing, 2012},
	Month = {Oct},
	Pages = {1 -9},
	Title = {Computational approaches for determining rate regions and codes using entropic vector bounds},
	Year = {2012}}


@inproceedings{Li_Allerton_13,
title={Matroid bounds on the region of entropic vectors},
author={{Congduan Li, John MacLaren Walsh, Steven Weber}},
booktitle={{51th Annual Allerton Conference on Communication, Control and Computing}},
year="2013",
month=oct,
url={http://www.ece.drexel.edu/walsh/Congduan_allerton13.pdf}
};

@article{tutte1966connectivity,
  title={Connectivity in matroids},
  author={Tutte, WT},
  journal={Canad. J. Math},
  volume={18},
  pages={1301--1324},
  year={1966}
}

@article{nguyenconnected,
     title = {Semimodular Functions and Combinatorial Geometries},
     author = {Nguyen, Hien Quang},
     journal = {Transactions of the American Mathematical Society},
     volume = {238},
     number = {},
     pages = {pp. 355-383},
     language = {English},
     year = {1978},
     publisher = {American Mathematical Society},
     copyright = {Copyright © 1978 American Mathematical Society},
    }




	@ARTICLE{DFZMatroidNetworks,
author={Dougherty, R. and Freiling, C. and Zeger, K.},
journal={Information Theory, IEEE Transactions on}, title={Networks, Matroids, and Non-Shannon Information Inequalities},
year={2007},
volume={53},
number={6},
pages={1949-1969},
keywords={combinatorial mathematics;encoding;matrix algebra;Vamos matroid;Vamos network;matroidal networks;multicast networks;network coding capacity;nonShannon information inequality;routing capacity;Application software;Computer networks;Cramer-Rao bounds;Information theory;Mathematics;Network coding;Routing;Unicast;Upper bound;Wireless communication;Flow;information theory;matroids;multiple unicast;network coding},
doi={10.1109/TIT.2007.896862},
ISSN={0018-9448},}

@book{betten2006error,
  title={Error-Correcting Linear Codes: Classification by Isometry and Applications},
  author={Betten, A. and Braun, M. and Fripertinger, H. and Kerber, A. and Kohnert, A. and Wassermann, A.},
  isbn={9783540317036},
  lccn={2006929536},
  series={Algorithms and Computation in Mathematics},
  year={2006},
  publisher={Springer Berlin Heidelberg}
}

@inproceedings{Benaloh90,
 author = {Benaloh, J. and Leichter, J.},
 title = {Generalized Secret Sharing and Monotone Functions},
 booktitle = {Proceedings on Advances in Cryptology},
 series = {CRYPTO '88},
 year = {1990},
 isbn = {0-387-97196-3},
 location = {Santa Barbara, California, USA},
 pages = {27--35},
 numpages = {9},
 url = {http://dl.acm.org/citation.cfm?id=88314.88328},
 acmid = {88328},
 publisher = {Springer-Verlag New York, Inc.},
 address = {New York, NY, USA},
}

@Article{schmalzleiter,
    Author = {Bernd {Schmalz}},
    Title = {{Verwendung von Untergruppenleitern zur Bestimmung von Doppelnebenklassen. (Use of subgroup ladders for the determination of double cosets).}},
    FJournal = {{Bayreuther Mathematische Schriften}},
    Journal = {{Bayreuther Math. Schr.}},
    ISSN = {0172-1062},
    Volume = {31},
    Pages = {109--143},
    Year = {1990},
    Publisher = {Mathematisches Institut der Universit\"at Bayreuth, Bayreuth},
    Language = {German},
    MSC2010 = {20B35 20B05 20-04 20B40 05-04 05C25 68W30},
    Zbl = {0704.20005}
}

@ARTICLE{ShahInterference12,
author={Shah, N.B. and Rashmi, K. V. and Kumar, P.V. and Ramchandran, K.},
journal={Information Theory, IEEE Transactions on},
title={Interference Alignment in Regenerating Codes for Distributed Storage: Necessity and Code Constructions},
year={2012},
volume={58},
number={4},
pages={2134-2158},
ISSN={0018-9448},}

@ARTICLE{CadambeInterference13,
author={Cadambe, V.R. and Jafar, S.A. and Maleki, H. and Ramchandran, K. and Changho Suh},
journal={Information Theory, IEEE Transactions on},
title={Asymptotic Interference Alignment for Optimal Repair of MDS Codes in Distributed Storage},
year={2013},
volume={59},
number={5},
pages={2974-2987},
doi={10.1109/TIT.2013.2237752},
ISSN={0018-9448},}

@article{limdcs,
  author    = {Congduan Li and
               Steven Weber and
               John MacLaren Walsh},
  title     = {Multilevel Diversity Coding Systems: Rate Regions, Codes, Computation,
               {\&} Forbidden Minors},
  journal   = {CoRR},
  volume    = {abs/1407.5659},
  year      = {2014},
  url       = {http://arxiv.org/abs/1407.5659},
  timestamp = {Fri, 01 Aug 2014 13:50:01 +0200},
  biburl    = {http://dblp.uni-trier.de/rec/bib/journals/corr/LiWW14},
  bibsource = {dblp computer science bibliography, http://dblp.org}
}

@INPROCEEDINGS{liidsc,
author={C. Li and S. Weber and J. M. Walsh},
booktitle={Network Coding (NetCod), 2015 International Symposium on},
title={Computer aided proofs for rate regions of independent distributed source coding problems},
year={2015},
pages={81-85},
keywords={binary codes;decoding;linear codes;source coding;IDSC problem;Shannon outer bound;computer tool;independent distributed source coding problems rate region;linear code;multiple decoder;multisource multisink network;superposition coding inner bound;vector binary inner bound match;Binary codes;Channel coding;Computers;Decoding;Network coding;Source coding},
doi={10.1109/NETCOD.2015.7176794},
month={June},}

@INPROCEEDINGS{lipreserveinsuff,
author={C. Li and S. Weber and J. M. Walsh},
booktitle={Communication, Control, and Computing (Allerton), 2014 52nd Annual Allerton Conference on},
title={Network embedding operations preserving the insufficiency of linear network codes},
year={2014},
pages={1333-1340},
keywords={linear codes;network coding;MDCS;inheritance property;linear network codes;multilevel diversity coding systems;network coding rate region;network embedding operations;scalar linear network codes;vector linear network codes;Artificial neural networks;Entropy;Linear codes;Network coding;Random variables;Vectors},
doi={10.1109/ALLERTON.2014.7028610},
month={Sept},}

@INPROCEEDINGS{DDnetcod13,
author={Congduan Li and Apte, J. and Walsh, J.M. and Weber, S.},
booktitle={IEEE Int. Symp. Network Coding (NetCod)},
title={A new computational approach for determining rate regions and optimal codes for coded networks},
year={2013},
pages={1-6},
keywords={binary codes;linear codes;network coding;MDCS;binary scalar linear code;coded network;computational approach;conic hull;double description method;entropic vector region;extreme ray representation;inner bound;multilevel diversity coding systems;optimal code;outer bound;rate region determination;Decoding;Entropy;Linear code;Random variables;Vectors},
doi={10.1109/NetCod.2013.6570825},}

@inproceedings{LiAllerton12,
  author    = {Congduan Li and
               John MacLaren Walsh and
               Steven Weber},
  title     = {A computational approach for determining rate regions and codes using
               entropic vector bounds},
  booktitle = {50th Annual Allerton Conference on Communication, Control, and Computing,
               Allerton 2012, Allerton Park {\&} Retreat Center, Monticello,
               IL, USA, October 1-5, 2012},
  pages     = {1580--1587},
  year      = {2012},
  crossref  = {DBLP:conf/allerton/2012},
  url       = {http://dx.doi.org/10.1109/Allerton.2012.6483409},
  doi       = {10.1109/Allerton.2012.6483409},
  timestamp = {Thu, 14 Apr 2016 11:11:10 +0200},
  biburl    = {http://dblp.uni-trier.de/rec/bib/conf/allerton/LiWW12},
  bibsource = {dblp computer science bibliography, http://dblp.org}
}

@inproceedings{LiIDSC,
  author    = {Congduan Li and
               Steven Weber and
               John MacLaren Walsh},
  title     = {Computer aided proofs for rate regions of independent distributed
               source coding problems},
  booktitle = {2015 International Symposium on Network Coding, NetCod 2015, Sydney,
               Australia, June 22-24, 2015},
  pages     = {81--85},
  year      = {2015},
  crossref  = {DBLP:conf/netcod/2015},
  url       = {http://dx.doi.org/10.1109/NETCOD.2015.7176794},
  doi       = {10.1109/NETCOD.2015.7176794},
  timestamp = {Thu, 13 Aug 2015 10:50:39 +0200},
  biburl    = {http://dblp.uni-trier.de/rec/bib/conf/netcod/LiWW15},
  bibsource = {dblp computer science bibliography, http://dblp.org}
}

@ARTICLE{ShahInterior12,
author={Shah, N.B. and Rashmi, K. V. and Kumar, P.V. and Ramchandran, K.},
journal={Information Theory, IEEE Transactions on},
title={Distributed Storage Codes With Repair-by-Transfer and Nonachievability of Interior Points on the Storage-Bandwidth Tradeoff},
year={2012},
volume={58},
number={3},
pages={1837-1852},
doi={10.1109/TIT.2011.2173792},
ISSN={0018-9448},}

@article{sasidharan13,
  author    = {Birenjith Sasidharan and
               P. Vijay Kumar},
  title     = {High-Rate Regenerating Codes Through Layering},
  journal   = {CoRR},
  volume    = {abs/1301.6157},
  year      = {2013},
  ee        = {http://arxiv.org/abs/1301.6157},
  bibsource = {DBLP, http://dblp.uni-trier.de}
}

@article{sasidharan13,
  author    = {Birenjith Sasidharan and
               P. Vijay Kumar},
  title     = {High-Rate Regenerating Codes Through Layering},
  journal   = {CoRR},
  volume    = {abs/1301.6157},
  year      = {2013},
  ee        = {http://arxiv.org/abs/1301.6157},
  bibsource = {DBLP, http://dblp.uni-trier.de}
}

@misc {DGPS,
 title = {{Singular} {4-0-2} --- {A} computer algebra system for polynomial computations},
 author = {Decker, Wolfram and Greuel, Gert-Martin and Pfister, Gerhard and Schoenemann, Hans},
 year = {2015},
 url = {http://www.singular.uni-kl.de},
}

@misc{ singulargap,
  author =           {Costantini, M. and de Graaf, W.},
  title =            {singular, The GAP interface to Singular, {V}ersion 12.04.28},
  month =            {Apr},
  year =             {2012},
  note =             {GAP package},
  printedkey =       {CG12}
}

@article{subrapathgain10,
  author    = {Abhay T. Subramanian and
               Andrew Thangaraj},
  title     = {Path gain algebraic formulation for the scalar linear network coding
               problem},
  journal   = {IEEE Transactions on Information Theory},
  volume    = {56},
  number    = {9},
  pages     = {4520--4531},
  year      = {2010},
  url       = {http://dx.doi.org/10.1109/TIT.2010.2054270},
  doi       = {10.1109/TIT.2010.2054270},
  timestamp = {Fri, 17 Dec 2010 21:53:47 +0100},
  biburl    = {http://dblp.uni-trier.de/rec/bib/journals/tit/SubramanianT10},
  bibsource = {dblp computer science bibliography, http://dblp.org}
}

@ARTICLE{koetteralgebraic,
author={R. Koetter and M. Medard},
journal={IEEE/ACM Transactions on Networking},
title={An algebraic approach to network coding},
year={2003},
volume={11},
number={5},
pages={782-795},
keywords={algebraic codes;channel capacity;delays;linear codes;matrix algebra;multicast communication;telecommunication network reliability;algebraic approach;algebraic coding;delay-free networks;failure pattern;multicast networks;multicast setup;necessary conditions;network capacity;network coding;network delay;network information theory;network recovery;nonergodic link failures;robust networking;sufficient conditions;transfer matrices;using linear network codes;Broadcasting;Channel coding;Galois fields;Helium;Information theory;Linear code;Network coding;Relays;Robustness;Sufficient conditions},
doi={10.1109/TNET.2003.818197},
ISSN={1063-6692},
month={Oct},}

@article{ruditutte,
year={2014},
journal={Journal of Algebraic Combinatorics},
volume={39},
number={1},
title={On the evaluation at $(-i,i)$ of the Tutte polynomial of a binary matroid},
publisher={Springer US},
author={Pendavingh, R.A.},
pages={141-152},
language={English}
}


@INPROCEEDINGS{TianISIT433,
author={Tian, Chao},
booktitle={Information Theory Proceedings (ISIT), 2013 IEEE International Symposium on},
title={Rate region of the (4, 3, 3) exact-repair regenerating codes},
year={2013},
pages={1426-1430},
keywords={Bandwidth;Decoding;Maintenance engineering;Network coding;Random variables;Systematics},
doi={10.1109/ISIT.2013.6620462},
ISSN={2157-8095},}

@article{TianJSAC433,
  author    = {Chao Tian},
  title     = {Characterizing the Rate Region of the (4, 3, 3) Exact-Repair Regenerating
               Codes},
  journal   = {{IEEE} Journal on Selected Areas in Communications},
  volume    = {32},
  number    = {5},
  pages     = {967--975},
  year      = {2014},
  url       = {http://dx.doi.org/10.1109/JSAC.2014.140516},
  doi       = {10.1109/JSAC.2014.140516},
  timestamp = {Mon, 28 Apr 2014 12:34:51 +0200},
  biburl    = {http://dblp.uni-trier.de/rec/bib/journals/jsac/Tian14},
  bibsource = {dblp computer science bibliography, http://dblp.org}
}

@article{jaggipolycodes,
  author    = {Sidharth Jaggi and
               Peter Sanders and
               Philip A. Chou and
               Michelle Effros and
               Sebastian Egner and
               Kamal Jain and
               Ludo M. G. M. Tolhuizen},
  title     = {Polynomial time algorithms for multicast network code construction},
  journal   = {IEEE Transactions on Information Theory},
  volume    = {51},
  number    = {6},
  year      = {2005},
  pages     = {1973-1982},
  ee        = {http://dx.doi.org/10.1109/TIT.2005.847712},
  bibsource = {DBLP, http://dblp.uni-trier.de}
}

@article{horandcodes,
  author    = {Tracey Ho and
               Muriel M{\'e}dard and
               Ralf Koetter and
               David R. Karger and
               Michelle Effros and
               Jun Shi and
               Ben Leong},
  title     = {A Random Linear Network Coding Approach to Multicast},
  journal   = {IEEE Transactions on Information Theory},
  volume    = {52},
  number    = {10},
  year      = {2006},
  pages     = {4413-4430},
  ee        = {http://dx.doi.org/10.1109/TIT.2006.881746},
  bibsource = {DBLP, http://dblp.uni-trier.de}
}
@article{dimakis10,
author={Dimakis, A.G. and Godfrey, P.B. and Wu, Y. and Wainwright, M.J. and Ramchandran, K.},
journal={Information Theory, IEEE Transactions on},
title={Network Coding for Distributed Storage Systems},
year={2010},
volume={56},
number={9},
pages={4539-4551},
doi={10.1109/TIT.2010.2054295},
ISSN={0018-9448}}

@ARTICLE{RashmiProductMat11,
author={Rashmi, K. V. and Shah, N.B. and Kumar, P.V.},
journal={Information Theory, IEEE Transactions on},
title={Optimal Exact-Regenerating Codes for Distributed Storage at the MSR and MBR Points via a Product-Matrix Construction},
year={2011},
volume={57},
number={8},
pages={5227-5239},
doi={10.1109/TIT.2011.2159049},
ISSN={0018-9448},}


@INPROCEEDINGS{riis06,
author={Riis, S.},
booktitle={Modeling and Optimization in Mobile, Ad Hoc and Wireless Networks, 2006 4th International Symposium on},
title={Information flows, graphs and their guessing numbers},
year={2006},
month={April},
pages={1-9},
keywords={Boolean functions;Complexity theory;Computer science;Counting circuits;Graph theory;Information theory;Network coding},
doi={10.1109/WIOPT.2006.1666516},}

@ARTICLE{gadouleu_riis11,
author={Gadouleau, M. and Riis, S.},
journal={Information Theory, IEEE Transactions on},
title={Graph-Theoretical Constructions for Graph Entropy and Network Coding Based Communications},
year={2011},
month={Oct},
volume={57},
number={10},
pages={6703-6717},
keywords={graph theory;network coding;arbitrary girth;cyclic codes;digraph construction;finite parameters;generator polynomial;graph entropy;graph-theoretical constructions;linear guessing number;network coding based communications;Encoding;Entropy;Error correction codes;Games;Network coding;Protocols;Unicast;Cyclic codes;guessing games;network coding;network design},
doi={10.1109/TIT.2011.2155618},
ISSN={0018-9448},}
@webpage{apte_isit15_ext,
author={{Jayant Apte, and John MacLaren Walsh}},
title={{Symmetry in Network Coding}},
note={{extended version, }https://sites.google.com/site/jayantapteshomepage/},
};


@inproceedings{aptenetcod15,
  author    = {Jayant Apte and
               John MacLaren Walsh},
  title     = {Exploiting symmetry in computing polyhedral bounds on network coding
               rate regions},
  booktitle = {2015 International Symposium on Network Coding, NetCod 2015, Sydney,
               Australia, June 22-24, 2015},
  pages     = {76--80},
  year      = {2015},
  crossref  = {DBLP:conf/netcod/2015},
  url       = {http://dx.doi.org/10.1109/NETCOD.2015.7176793},
  doi       = {10.1109/NETCOD.2015.7176793},
  timestamp = {Thu, 13 Aug 2015 10:50:39 +0200},
  biburl    = {http://dblp.uni-trier.de/rec/bib/conf/netcod/ApteW15},
  bibsource = {dblp computer science bibliography, http://dblp.org}
}

@inproceedings{apteitw16,
  author    = {Jayant Apte and Qi Chen and
               John MacLaren Walsh},
  title     = {Symmetries in the Entropy Space},
  year      = {2015},
note = {{submitted, Available Online: https://sites.google.com/site/jayantapteshomepage/}}
}

@book{coxidealsbook,
 author = {Cox, David A. and Little, John and O'Shea, Donal},
 title = {Ideals, Varieties, and Algorithms: An Introduction to Computational Algebraic Geometry and Commutative Algebra, 3/e (Undergraduate Texts in Mathematics)},
 year = {2007},
 isbn = {0387356509},
 publisher = {Springer-Verlag New York, Inc.},
 address = {Secaucus, NJ, USA},
}

@inproceedings{apte_isit15,
     title = {{Symmetry in Network Coding}},
     author = {Jayant Apte and John MacLaren Walsh},
     booktitle={{Int. Symp. Information Theory (ISIT)}},
     year = {2015},
     month = {June},
     note={to appear, {extended version at, }https://sites.google.com/site/jayantapteshomepage/}
}
